@misc{RiaRepoUrl,
  author = {Gavrilov, Daniil and  Kalaidin, Pavel and  Malykh, Valentin},
  title = {{Ria news Dataset}},
  howpublished = "\url{https://github.com/RossiyaSegodnya/ria_news_dataset}",
  year = {2018}, 
  note = "[Online; accessed 27-May-2020]"
}

@misc{projectRepoUrl,
  author = {Valetov D.K., Butov R. A.},
  title = {{Github Yachg project repository}},
  howpublished = "\url{https://github.com/DmitriyValetov/nlp_course_project}",
  year = {2020}, 
  note = "[Online; accessed 27-May-2020]"
}

@article{hoang2019efficient,
  title={Efficient adaptation of pretrained transformers for abstractive summarization},
  author={Hoang, Andrew and Bosselut, Antoine and Celikyilmaz, Asli and Choi, Yejin},
  journal={arXiv preprint arXiv:1906.00138},
  year={2019}
}

@article{zhang2019hibert,
  title={HIBERT: Document level pre-training of hierarchical bidirectional transformers for document summarization},
  author={Zhang, Xingxing and Wei, Furu and Zhou, Ming},
  journal={arXiv preprint arXiv:1905.06566},
  year={2019}
}

@article{xia2020cg,
  title={CG-BERT: Conditional Text Generation with BERT for Generalized Few-shot Intent Detection},
  author={Xia, Congying and Zhang, Chenwei and Nguyen, Hoang and Zhang, Jiawei and Yu, Philip},
  journal={arXiv preprint arXiv:2004.01881},
  year={2020}
}

@article{li2017deep,
  title={Deep recurrent generative decoder for abstractive text summarization},
  author={Li, Piji and Lam, Wai and Bing, Lidong and Wang, Zihao},
  journal={arXiv preprint arXiv:1708.00625},
  year={2017}
}

@article{nallapati2016abstractive,
  title={Abstractive text summarization using sequence-to-sequence rnns and beyond},
  author={Nallapati, Ramesh and Zhou, Bowen and Gulcehre, Caglar and Xiang, Bing and others},
  journal={arXiv preprint arXiv:1602.06023},
  year={2016}
}

@article{vaswani2017attention,
  title={Attention is all you need},
  author={Vaswani, Ashish and Shazeer, Noam and Parmar, Niki and Uszkoreit, Jakob and Jones, Llion and Gomez, Aidan N and Kaiser, {\L}ukasz and Polosukhin, Illia},
  booktitle={Advances in neural information processing systems},
  pages={5998--6008},
  year={2017}
}

@article{keskar2019ctrl,
  title={Ctrl: A conditional transformer language model for controllable generation},
  author={Keskar, Nitish Shirish and McCann, Bryan and Varshney, Lav R and Xiong, Caiming and Socher, Richard},
  journal={arXiv preprint arXiv:1909.05858},
  year={2019}
}

@inproceedings{he2017unsupervised,
  title={An unsupervised neural attention model for aspect extraction},
  author={He, Ruidan and Lee, Wee Sun and Ng, Hwee Tou and Dahlmeier, Daniel},
  booktitle={Proceedings of the 55th Annual Meeting of the Association for Computational Linguistics (Volume 1: Long Papers)},
  pages={388--397},
  year={2017}
}


@inproceedings{gavrilov2018self,
	title={Self-Attentive Model for Headline Generation},
	author={Gavrilov, Daniil and  Kalaidin, Pavel and  Malykh, Valentin},
	booktitle={Proceedings of the 41st European Conference on Information Retrieval},
	year={2019}
}

@article{gusev2019importance,
  title={Importance of copying mechanism for news headline generation},
  author={Gusev, Ilya},
  journal={arXiv preprint arXiv:1904.11475},
  year={2019}
}

@article{pymorphy2,
   year={2015},
   isbn={978-3-319-26122-5},
   booktitle={Analysis of Images, Social Networks and Texts},
   volume={542},
   series={Communications in Computer and Information Science},
   editor={Khachay, Mikhail Yu. and Konstantinova, Natalia and Panchenko, Alexander and Ignatov, Dmitry I. and Labunets, Valeri G.},
   doi={10.1007/978-3-319-26123-2_31},
   title={Morphological Analyzer and Generator for Russian and Ukrainian Languages},
   url={http://dx.doi.org/10.1007/978-3-319-26123-2_31},
   publisher={Springer International Publishing},
   keywords={Morphological analyzer; Russian; Ukrainian; Morphological generator; Open source; OpenCorpora; LanguageTool; pymorphy2; pymorphy},
   author={Korobov, Mikhail},
   pages={320-332},
   language={English}
}

@article{Loper02nltk:the,
    author = {Edward Loper and Steven Bird},
    title = {NLTK: The Natural Language Toolkit},
    booktitle = {In Proceedings of the ACL Workshop on Effective Tools and Methodologies for Teaching Natural Language Processing and Computational Linguistics. Philadelphia: Association for Computational Linguistics},
    year = {2002},
    howpublished = "\url{https://github.com/kmike/pymorphy2}"
}

@article{richardson2007beautiful,
  title={Beautiful soup documentation},
  author={Richardson, Leonard},
  journal={April},
  year={2007}
}

@misc{youtokentome,
    title = {YouTokenToMe - Unsupervised text tokenizer focused on computational efficiency},
    howpublished = "\url{https://github.com/VKCOM/YouTokenToMe}"
}